@book{sutton2016rocket,
  title={Rocket propulsion elements},
  author={Sutton, George P and Biblarz, Oscar},
  year={2016},
  publisher={John Wiley \& Sons}
}